<?xml version="1.0" encoding="UTF-8"?>
<collection xmlns:xsi="http://www.w3.org/2001/XMLSchema-instance" xsi:schemaLocation="http://www.loc.gov/MARC21/slim http://www.loc.gov/standards/marcxml/schema/MARC21slim.xsd" xmlns="http://www.loc.gov/MARC21/slim">
<record>
  <leader>00869cam a22002291  4500</leader>
  <controlfield tag="001">3076336</controlfield>
  <controlfield tag="003">NNC</controlfield>
  <controlfield tag="005">20130426015725.0</controlfield>
  <controlfield tag="008">010828s1936    ua            000 0 ara d</controlfield>
  <datafield tag="035" ind1=" " ind2=" ">
    <subfield code="a">(OCoLC)ocm47857680</subfield>
  </datafield>
  <datafield tag="035" ind1=" " ind2=" ">
    <subfield code="9">ATP9931CU</subfield>
  </datafield>
  <datafield tag="035" ind1=" " ind2=" ">
    <subfield code="a">(NNC)3076336</subfield>
  </datafield>
  <datafield tag="040" ind1=" " ind2=" ">
    <subfield code="a">ZCU</subfield>
    <subfield code="c">ZCU</subfield>
  </datafield>
  <datafield tag="099" ind1=" " ind2=" ">
    <subfield code="a">893.7K84</subfield>
    <subfield code="a">DI6</subfield>
  </datafield>
  <datafield tag="100" ind1="1" ind2=" ">
    <subfield code="a">Ibn Juzayy, Muḥammad ibn Aḥmad,</subfield>
    <subfield code="d">1294-1340.</subfield>
  </datafield>
  <datafield tag="240" ind1="1" ind2="0">
    <subfield code="a">Tasʹhīl li-ʻulūm al-Tanzīl</subfield>
  </datafield>
  <datafield tag="245" ind1="1" ind2="0">
    <subfield code="a">Kitāb al-Tashīl li-ʻulūm al-tanzīl,</subfield>
    <subfield code="c">li-Muḥammad ibn Aḥmad ibn Juzay al-Kalbī.</subfield>
  </datafield>
  <datafield tag="250" ind1=" " ind2=" ">
    <subfield code="a">al-Ṭabʻah al-ūlā: ʻuniya bimuqābalatihāʻalā ʻiddat nusakh makhṭūṭah bi-al-Maktabah al-Malikīyah wa-ṣaḥḥaḥaḥā nukhbah min al-ʻulamāʾ</subfield>
  </datafield>
  <datafield tag="260" ind1=" " ind2=" ">
    <subfield code="a">Miṣr,</subfield>
    <subfield code="b">Maṭb. Muṣṭafā Muḥammad,</subfield>
    <subfield code="c">1355 [1936]</subfield>
  </datafield>
  <datafield tag="300" ind1=" " ind2=" ">
    <subfield code="a">4 v. in 1.</subfield>
  </datafield>
  <datafield tag="630" ind1="0" ind2="0">
    <subfield code="a">Qurʼan</subfield>
    <subfield code="v">Commentaries.</subfield>
  </datafield>
  <datafield tag="955" ind1=" " ind2=" ">
    <subfield code="b">CU58886443</subfield>
    <subfield code="d">off,glx</subfield>
    <subfield code="e">893.7K84 DI6</subfield>
  </datafield>
</record>
</collection>